<?xml version="1.0" encoding="UTF-8"?>
<record xmlns="http://www.loc.gov/MARC21/slim" xmlns:zs="http://docs.oasis-open.org/ns/search-ws/sruResponse">
 <leader>
  04233cpcaa22005777i 4500
 </leader>
 <controlfield tag="001">
  22799804
 </controlfield>
 <controlfield tag="005">
  20240216145330.0
 </controlfield>
 <controlfield tag="008">
  220922i19342003xxu                 eng
 </controlfield>
 <datafield ind1=" " ind2=" " tag="906">
  <subfield code="a">
   7
  </subfield>
  <subfield code="b">
   cbc
  </subfield>
  <subfield code="c">
   orignew
  </subfield>
  <subfield code="d">
   u
  </subfield>
  <subfield code="e">
   ncip
  </subfield>
  <subfield code="f">
   20
  </subfield>
  <subfield code="g">
   y-folklife
  </subfield>
 </datafield>
 <datafield ind1=" " ind2=" " tag="955">
  <subfield code="a">
   masmit 2022-09-22
  </subfield>
  <subfield code="a">
   masmit 2023-02-07
  </subfield>
  <subfield code="a">
   vmor 2023-08-30
  </subfield>
  <subfield code="a">
   mseg 2024-01-31
  </subfield>
  <subfield code="a">
   masmit 2024-02-16
  </subfield>
 </datafield>
 <datafield ind1=" " ind2=" " tag="010">
  <subfield code="a">
   2022655234
  </subfield>
 </datafield>
 <datafield ind1=" " ind2=" " tag="040">
  <subfield code="a">
   DLC
  </subfield>
  <subfield code="b">
   eng
  </subfield>
  <subfield code="e">
   dacs
  </subfield>
  <subfield code="c">
   DLC
  </subfield>
  <subfield code="d">
  </subfield>
 </datafield>
 <datafield ind1=" " ind2=" " tag="043">
  <subfield code="a">
   n-us---
  </subfield>
  <subfield code="a">
   n-us-fl
  </subfield>
  <subfield code="a">
   n-us-ky
  </subfield>
 </datafield>
 <datafield ind1=" " ind2=" " tag="090">
  <subfield code="a">
   AFC 1979/112
  </subfield>
 </datafield>
 <datafield ind1="0" ind2="0" tag="245">
  <subfield code="a">
   Sarah Gertrude Knott papers,
  </subfield>
  <subfield code="f">
   1934-2003.
  </subfield>
 </datafield>
 <datafield ind1=" " ind2=" " tag="300">
  <subfield code="3">
   whole collection
  </subfield>
  <subfield code="a">
   approximately 4025
  </subfield>
  <subfield code="f">
   items
  </subfield>
 </datafield>
 <datafield ind1=" " ind2=" " tag="300">
  <subfield code="3">
   whole collection
  </subfield>
  <subfield code="a">
   14
  </subfield>
  <subfield code="f">
   containers
  </subfield>
 </datafield>
 <datafield ind1=" " ind2=" " tag="300">
  <subfield code="3">
   whole collection
  </subfield>
  <subfield code="a">
   4
  </subfield>
  <subfield code="f">
   linear feet
  </subfield>
 </datafield>
 <datafield ind1=" " ind2=" " tag="300">
  <subfield code="3">
   manuscripts
  </subfield>
  <subfield code="a">
   approximately 3,900
  </subfield>
  <subfield code="f">
   sheets
  </subfield>
 </datafield>
 <datafield ind1=" " ind2=" " tag="300">
  <subfield code="3">
   manuscripts
  </subfield>
  <subfield code="a">
   approximately 50
  </subfield>
  <subfield code="f">
   publications
  </subfield>
 </datafield>
 <datafield ind1=" " ind2=" " tag="300">
  <subfield code="3">
   graphic materials
  </subfield>
  <subfield code="a">
   24 photographs :
  </subfield>
  <subfield code="b">
   black and white ;
  </subfield>
  <subfield code="c">
   8 x 10 in.
  </subfield>
 </datafield>
 <datafield ind1=" " ind2=" " tag="300">
  <subfield code="3">
   graphic materials
  </subfield>
  <subfield code="a">
   1 photograph :
  </subfield>
  <subfield code="b">
   black and white ;
  </subfield>
  <subfield code="c">
   8 x 6 in.
  </subfield>
 </datafield>
 <datafield ind1=" " ind2=" " tag="300">
  <subfield code="3">
   graphic materials
  </subfield>
  <subfield code="a">
   1 photograph :
  </subfield>
  <subfield code="b">
   black and white ;
  </subfield>
  <subfield code="c">
   8 x 4 in.
  </subfield>
 </datafield>
 <datafield ind1=" " ind2=" " tag="300">
  <subfield code="3">
   graphic materials
  </subfield>
  <subfield code="a">
   25 photographs :
  </subfield>
  <subfield code="b">
   black and white ;
  </subfield>
  <subfield code="c">
   5 x 7 in.
  </subfield>
 </datafield>
 <datafield ind1=" " ind2=" " tag="300">
  <subfield code="3">
   graphic materials
  </subfield>
  <subfield code="a">
   24 photographs :
  </subfield>
  <subfield code="b">
   film, negatives, black and white ;
  </subfield>
  <subfield code="c">
   35 mm
  </subfield>
 </datafield>
 <datafield ind1=" " ind2=" " tag="520">
  <subfield code="a">
   Materials concerning the Florida Folk Festival and National Folk Festival received from Western Kentucky University and from Sarah Gertrude Knott beginning in 1979. Some materials were sent in their original form, while others were photocopied and sent, with the originals retained by WKU. Folder headings in the collection were developed from existing folder headings, or created as needed.
  </subfield>
 </datafield>
 <datafield ind1="8" ind2=" " tag="524">
  <subfield code="a">
   Sarah Gertrude Knott papers (AFC 1979/112), American Folklife Center, Library of Congress, Washington, D.C.
  </subfield>
 </datafield>
 <datafield ind1="0" ind2=" " tag="506">
  <subfield code="a">
   Collection is open for research. To request materials, please contact the Folklife Reading Room at
  </subfield>
  <subfield code="u">
   https://hdl.loc.gov/loc.afc/folklife.contact
  </subfield>
 </datafield>
 <datafield ind1=" " ind2=" " tag="540">
  <subfield code="a">
   Duplication of collection materials may be governed by copyright and other restrictions.
  </subfield>
 </datafield>
 <datafield ind1=" " ind2=" " tag="541">
  <subfield code="a">
   Western Kentucky University;
  </subfield>
  <subfield code="c">
   Donation;
  </subfield>
  <subfield code="d">
   1979.
  </subfield>
 </datafield>
 <datafield ind1="0" ind2=" " tag="544">
  <subfield code="a">
   Sarah Gertrude Knott papers, 1934-1979, Library Special Collections, Western Kentucky University, Bowling Green, Kentucky. The collection is partially processed. There is some duplication between this collection and the Sarah Gertrude Knott papers. Knott sent her files, with manuscripts, photos, and other materials, to Western Kentucky University and the Library of Congress, with each institution selectively duplicating and sending either original or copied materials to the other institution. The result is that the collections have both complementary and unique materials.
  </subfield>
 </datafield>
 <datafield ind1=" " ind2=" " tag="545">
  <subfield code="a">
   Sarah Gertrude Knott (1895-1984) was born in Kevil, Ballard County, Kentucky, and attended Georgetown Preparatory School (Ky.) 1919-1920, the University of North Carolina, Washington University in St. Louis (1928-1929) and several drama schools. She founded the National Folk Festival and served as its national director from its start in 1934 through 1971. During this time she also served as director of the first two Florida Folk Festivals (1953-1954). After her retirement she returned to Princeton, Kentucky and died there on November 20, 1984.
  </subfield>
 </datafield>
 <datafield ind1=" " ind2=" " tag="546">
  <subfield code="a">
   In English.
  </subfield>
 </datafield>
 <datafield ind1="0" ind2=" " tag="555">
  <subfield code="a">
   Finding aid is available online
  </subfield>
  <subfield code="u">
   https://hdl.loc.gov/loc.afc/eadafc.af022008
  </subfield>
 </datafield>
 <datafield ind1="1" ind2="0" tag="600">
  <subfield code="a">
   Knott, Sarah Gertrude,
  </subfield>
  <subfield code="d">
   1895-1984.
  </subfield>
 </datafield>
 <datafield ind1="1" ind2="0" tag="600">
  <subfield code="a">
   Hickerson, Joseph C.
  </subfield>
  <subfield code="q">
   (Joseph Charles),
  </subfield>
  <subfield code="d">
   1935-
  </subfield>
 </datafield>
 <datafield ind1="1" ind2="0" tag="600">
  <subfield code="a">
   Jabbour, Alan.
  </subfield>
 </datafield>
 <datafield ind1="1" ind2="0" tag="600">
  <subfield code="a">
   Sanderson, Christian C.
  </subfield>
  <subfield code="q">
   (Christian Carmack),
  </subfield>
  <subfield code="d">
   1882-1966.
  </subfield>
 </datafield>
 <datafield ind1="1" ind2="0" tag="600">
  <subfield code="a">
   Wilson, Joe,
  </subfield>
  <subfield code="d">
   1938-2015.
  </subfield>
 </datafield>
 <datafield ind1="2" ind2="0" tag="610">
  <subfield code="a">
   National Folk Festival Association.
  </subfield>
 </datafield>
 <datafield ind1="2" ind2="0" tag="611">
  <subfield code="a">
   Florida Folk Festival.
  </subfield>
 </datafield>
 <datafield ind1="2" ind2="0" tag="611">
  <subfield code="a">
   National Folk Festival (U.S.)
  </subfield>
 </datafield>
 <datafield ind1=" " ind2="0" tag="650">
  <subfield code="a">
   Folk Festivals
  </subfield>
  <subfield code="z">
   United States.
  </subfield>
 </datafield>
 <datafield ind1=" " ind2="0" tag="650">
  <subfield code="a">
   Public folklore
  </subfield>
  <subfield code="z">
   Kentucky.
  </subfield>
 </datafield>
 <datafield ind1=" " ind2="7" tag="655">
  <subfield code="a">
   Photographs.
  </subfield>
  <subfield code="2">
   aat
  </subfield>
 </datafield>
 <datafield ind1=" " ind2="7" tag="655">
  <subfield code="a">
   Correspondence.
  </subfield>
  <subfield code="2">
   aat
  </subfield>
 </datafield>
 <datafield ind1="1" ind2=" " tag="700">
  <subfield code="a">
   Knott, Sarah Gertrude,
  </subfield>
  <subfield code="d">
   1895-1984,
  </subfield>
  <subfield code="e">
   collector.
  </subfield>
 </datafield>
 <datafield ind1=" " ind2=" " tag="852">
  <subfield code="a">
   Library of Congress
  </subfield>
  <subfield code="b">
   American Folklife Center,
  </subfield>
  <subfield code="e">
   101 Independence Ave. S.E., Washington, DC USA 20540-4610
  </subfield>
  <subfield code="u">
   https://hdl.loc.gov/loc.afc/folklife.home
  </subfield>
 </datafield>
 <datafield ind1="4" ind2="2" tag="856">
  <subfield code="3">
   Finding aid
  </subfield>
  <subfield code="u">
   https://hdl.loc.gov/loc.afc/eadafc.af022008
  </subfield>
 </datafield>
 <datafield ind1=" " ind2=" " tag="985">
  <subfield code="a">
   afc/coll
  </subfield>
 </datafield>
 <datafield ind1=" " ind2=" " tag="985">
  <subfield code="a">
   afc/ead
  </subfield>
 </datafield>
</record>
